@article{doge,
    title={A new example citation},
    url={https://www.youtube.com/watch?v=dQw4w9WgXcQ},
    journal={International Conference of Stuff},
    publisher={ICStuff},
    author={First Author},
    year={2024},
    month={Dec}
}

@misc{tinder2024,
    author = {Tinder},
    title = {Tinder: Dating, Make Friends and Meet New People},
    url = {https://www.gotinder.com},
    year = {2012}
}

@misc{bumble2024,
    author = {Bumble},
    title = {Bumble: Dating, Friends and Business Networking},
    url = {https://bumble.com},
    year = {2014}
}

@misc{hinge2024,
    author = {Hinge},
    title = {Hinge: Designed to be Deleted},
    url = {https://hinge.co},
    year = {2013}
}

@misc{friendsy2024,
    author = {Friendsy},
    title = {Friendsy: The College-Only Social Network},
    url = {https://www.friendsyapp.com},
    year = {2012}
}

@misc{datamatch2024,
    author = {Datamatch},
    title = {Datamatch: Harvard's Premier Free Dating Service},
    url = {https://www.datamatch.me},
    year = {1994}
}

@misc{linkedin2024,
    author = {LinkedIn},
    title = {LinkedIn: Professional Networking, Jobs, and Career Development},
    url = {https://www.linkedin.com},
    year = {2003}
}

@misc{facebookcampus2024,
    author = {Facebook},
    title = {Facebook Campus: Connect with Your College Community},
    url = {https://www.facebook.com/campus},
    year = {2020}
}

@misc{coffeemeetsbagel2024,
    author = {Coffee-Meets-Bagel},
    title = {Coffee Meets Bagel: Meaningful Connections and Authentic Dating},
    url = {https://www.coffeemeetsbagel.com},
    year = {2012}
}

@misc{facebook2024,
    author = {Facebook},
    title = {Facebook: A Global Social Networking Platform},
    url = {https://www.facebook.com},
    year = {2004}
}

@misc{devise2024,
    author = {Devise},
    title = {Devise: Flexible authentication solution for Rails},
    url = {https://github.com/heartcombo/devise},
    year = {2009}
}

@misc{bcrypt2024,
    author = {Bcrypt},
    title = {Bcrypt: Password hashing function for Ruby},
    url = {https://github.com/codahale/bcrypt-ruby},
    year = {1999}
}

@misc{ormadapter2024,
    author = {ORM\_Adapter},
    title = {ORM Adapter: Adapter for various ORM systems in Rails},
    url = {https://github.com/ianwhite/orm_adapter},
    year = {2010}
}

@misc{railties2024,
    author = {Railties},
    title = {Railties: Interface between the Rails framework and Ruby gems},
    url = {https://github.com/rails/rails/tree/main/railties},
    year = {2008}
}

@misc{warden2024,
    author = {Warden},
    title = {Warden: Middleware for authentication in Rack applications},
    url = {https://github.com/wardencommunity/warden},
    year = {2009}
}

@misc{smtp2024,
    author = {Simple Mail Transfer Protocol (SMTP)},
    title = {SMTP: Internet Standard for Electronic Mail Transmission},
    url = {https://tools.ietf.org/html/rfc5321},
    year = {1982}
}

@misc{rails2024,
    author = {Rails Team},
    title = {Ruby on Rails: Web Application Framework},
    url = {https://rubyonrails.org},
    year = {2004}
}

@misc{ruby2024,
    author = {Ruby Team},
    title = {Ruby: A Dynamic, Open Source Programming Language},
    url = {https://www.ruby-lang.org},
    year = {1995}
}

@misc{postgresql2024,
    author = {PostgreSQL Global Development Group},
    title = {PostgreSQL: The World's Most Advanced Open Source Relational Database},
    url = {https://www.postgresql.org},
    year = {1997}
}

@misc{html2024,
    author = {W3C},
    title = {HTML: HyperText Markup Language},
    url = {https://www.w3.org/TR/html52/},
    year = {1993}
}

@misc{javascript2024,
    author = {ECMA International},
    title = {JavaScript: ECMAScript Language Specification},
    url = {https://262.ecma-international.org},
    year = {1993}
}

@misc{css2024,
    author = {W3C},
    title = {CSS: Cascading Style Sheets},
    url = {https://www.w3.org/Style/CSS/Overview.en.html},
    year = {1996}
}

@misc{docker2024,
    author = {Docker, Inc.},
    title = {Docker: Empowering App Development for Developers},
    url = {https://www.docker.com},
    year = {2013}
}

@misc{websocket2024,
    author = {IETF - Internet Engineering Task Force},
    title = {The WebSocket Protocol},
    url = {https://datatracker.ietf.org/doc/html/rfc6455},
    year = {2011},
    note = {RFC 6455}
}

@misc{redis2024,
    author = {Salvatore Sanfilippo and Redis Labs},
    title = {Redis: In-Memory Data Structure Store},
    url = {https://redis.io},
    year = {2009}
}

@misc{actioncable2024,
    author = {{Rails Team}},
    title = {ActionCable: Real-Time WebSocket Framework in Rails},
    url = {https://guides.rubyonrails.org/action_cable_overview.html},
    year = {2015}
}

@misc{google_authentication,
    author = {{Google Support}},
    title = {Less secure apps \& your Google Account},
    url = {https://support.google.com/accounts/answer/6010255?hl=en},
    year = {2024}
}

@misc{google_drive_restrictions,
    author = {{Google Drive}},
    title = {Google Drive Help},
    url = {https://support.google.com/drive/answer/2452654?hl=en},
    year = {2024},
}

@misc{rails_active_storage,
    author = {{Rails Team}},
    title = {Active Storage Overview},
    url = {https://guides.rubyonrails.org/active_storage_overview.html},
    year = {2024}
}























